<?xml version="1.0" encoding="UTF-8"?><collection xmlns="http://www.loc.gov/MARC21/slim"><record><leader>00350nam--2200133-i-4500</leader><controlfield tag="001">000036915</controlfield><controlfield tag="002">20161230</controlfield><controlfield tag="005">20161230201041</controlfield><controlfield tag="008">060222s1000------------r-----000-0-eng-d</controlfield><datafield ind1=" " ind2=" " tag="080"><subfield code="a">681.3.06</subfield></datafield><datafield ind1=" " ind2=" " tag="100"><subfield code="a">Popovici, Constantin P</subfield></datafield><datafield ind1=" " ind2=" " tag="245"><subfield code="a">Calculatoare cu program si teoria programarii</subfield></datafield><datafield ind1=" " ind2=" " tag="260"><subfield code="a">Bucuresti,Ed.Stiintifica,1972. 334 P</subfield></datafield><datafield ind1=" " ind2=" " tag="852"><subfield code="a">36449</subfield></datafield></record></collection>